@article{polidorio:triangulacao,
  title={Programming massively parallel processors},
  author={Hwu, Wen-mei and Kirk, David},
  journal={Special Edition},
  volume={92},
  year={2009}
}
